@article{Janes_1982,
	doi = {10.1086/190805},
	url = {https://doi.org/10.1086%2F190805},
	year = 1982,
	month = {jul},
	publisher = {{IOP} Publishing},
	volume = {49},
	pages = {425},
	author = {K. Janes and D. Adler},
	title = {Open clusters and galactic structure},
	journal = {The Astrophysical Journal Supplement Series}
}

@ARTICLE{GaiaDR2_2018,
author = {{Gaia Collaboration} and {Brown}, A.~G.~A. and {Vallenari}, A. and
{Prusti}, T. and {de Bruijne}, J.~H.~J. and {Babusiaux}, C. and
{Bailer-Jones}, C.~A.~L.},
title = "{Gaia Data Release 2. Summary of the contents and survey properties}",
journal = {ArXiv e-prints},
archivePrefix = "arXiv",
eprint = {1804.09365},
keywords = {Astrophysics - Astrophysics of Galaxies, Astrophysics -
Instrumentation and Methods for Astrophysics},
year = 2018,
month = apr,
adsurl = {http://adsabs.harvard.edu/abs/2018arXiv180409365G},
adsnote = {Provided by the SAO/NASA Astrophysics Data System}
}

@ARTICLE{Kroupa_2002,
author = {{Kroupa}, P.},
title = "{The Initial Mass Function of Stars: Evidence for Uniformity in Variable
Systems}",
journal = {Science},
eprint = {astro-ph/0201098},
year = 2002,
month = jan,
volume = 295,
pages = {82-91},
doi = {10.1126/science.1067524},
adsurl = {http://adsabs.harvard.edu/abs/2002Sci...295...82K},
adsnote = {Provided by the SAO/NASA Astrophysics Data System}
}\\

@ARTICLE{Luri_2018,
author = {{Luri}, X. and {Brown}, A.~G.~A. and {Sarro}, L.~M. and {Arenou}, F.
and
{Bailer-Jones}, C.~A.~L. and {Castro-Ginard}, A. and {de Bruijne}, J. and
{Prusti}, T. and {Babusiaux}, C. and {Delgado}, H.~E.},
title = "{Gaia Data Release 2: using Gaia parallaxes}",
journal = {ArXiv e-prints},
archivePrefix = "arXiv",
eprint = {1804.09376},
primaryClass = "astro-ph.IM",
keywords = {Astrophysics - Instrumentation and Methods for Astrophysics},
year = 2018,
month = apr,
adsurl = {http://adsabs.harvard.edu/abs/2018arXiv180409376L},
adsnote = {Provided by the SAO/NASA Astrophysics Data System}
}\\

@ARTICLE{Marigo_2008,
author = {{Marigo}, P. and {Girardi}, L. and {Bressan}, A. and {Groenewegen},
M.~A.~T. and
{Silva}, L. and {Granato}, G.~L.},
title = "{Evolution of asymptotic giant branch stars. II. Optical to far-infrared
isochrones with improved TP-AGB models}",
journal = {A\&A},
archivePrefix = "arXiv",
eprint = {0711.4922},
keywords = {astronomical data bases: miscellaneous, stars: AGB and post-AGB,
stars: carbon, stars: evolution, galaxies: Magellanic Clouds, stars: Hertzsprung-
Russell (HR) and C-M diagrams},
year = 2008,
month = may,
volume = 482,
pages = {883-905},
doi = {10.1051/0004-6361:20078467},
adsurl = {http://adsabs.harvard.edu/abs/2008A%26A...482..883M},
adsnote = {Provided by the SAO/NASA Astrophysics Data System}
}\\

@article{Perren_2015,
doi = {10.1051/0004-6361/201424946},
url = {http://dx.doi.org/10.1051/0004-6361/201424946},
year = {2015},
month = {mar},
publisher = {{EDP} Sciences},
volume = {576},
pages = {A6},
author = {G. I. Perren and R. A. V{\'{a}}zquez and A. E. Piatti},
title = {{{ASteCA}: Automated Stellar Cluster Analysis}},
journal = {A\&A},
}\\

@ARTICLE{Perren_2017,
author = {{Perren}, G.~I. and {Piatti}, A.~E. and {V{\'a}zquez}, R.~A.
},
title = "{Astrophysical properties of star clusters in the Magellanic Clouds
homogeneously estimated by ASteCA}",
journal = {A\&A},
eprint = {1701.08640},
keywords = {galaxies: fundamental parameters, galaxies: star clusters: general,
Magellanic Clouds, methods: statistical, catalogs, techniques: photometric},
year = 2017,
month = jun,
volume = 602,
eid = {A89},
pages = {A89},
doi = {10.1051/0004-6361/201629520},
adsurl = {http://adsabs.harvard.edu/abs/2017A%26A...602A..89P}
}\\

@ARTICLE{Sollima_2010,
author = {{Sollima}, A. and {Carballo-Bello}, J.~A. and {Beccari}, G. and
{Ferraro}, F.~R. and {Pecci}, F.~F. and {Lanzoni}, B.},
title = "{The fraction of binary systems in the core of five Galactic open
clusters}",
journal = {MNRAS},
archivePrefix = "arXiv",
eprint = {0909.1277},
primaryClass = "astro-ph.SR",
keywords = {stellar dynamics, methods: observational, techniques: photometric,
binaries: general, open clusters and associations: general},
year = 2010,
month = jan,
volume = 401,
pages = {577-585},
doi = {10.1111/j.1365-2966.2009.15676.x},
adsurl = {http://adsabs.harvard.edu/abs/2010MNRAS.401..577S},
adsnote = {Provided by the SAO/NASA Astrophysics Data System}
}\\

@ARTICLE{Yen_2018,
author = {{Yen}, S.~X. and {Reffert}, S. and {Schilbach}, E. and {R{\"o}ser}, S.
and
{Kharchenko}, N.~V. and {Piskunov}, A.~E.},
title = "{Reanalysis of nearby open clusters using Gaia DR1/TGAS and HSOY}",
journal = {ArXiv e-prints},
archivePrefix = "arXiv",
eprint = {1802.04234},
primaryClass = "astro-ph.SR",
keywords = {Astrophysics - Solar and Stellar Astrophysics, Astrophysics -
Astrophysics of Galaxies},
year = 2018,
month = feb,
adsurl = {http://adsabs.harvard.edu/abs/2018arXiv180204234Y},
adsnote = {Provided by the SAO/NASA Astrophysics Data System}
}\\

@ARTICLE{Lohmann_1961,
author = {{Lohmann}, W.},
title = "{Photometrie des offenen Sternhaufens NGC 4349}",
journal = {Astronomische Nachrichten},
year = 1961,
month = sep,
volume = 286,
pages = {105},
doi = {10.1002/asna.19612860305},
adsurl = {http://adsabs.harvard.edu/abs/1961AN....286..105L},
adsnote = {Provided by the SAO/NASA Astrophysics Data System}
}\\

@ARTICLE{Stetson_1987,
author = {{Stetson}, P.~B.},
title = "{DAOPHOT - A computer program for crowded-field stellar
photometry}",
journal = {\pasp},
keywords = {Algorithms, Astronomical Photometry, Computer Programs, Charge
Coupled Devices, Color-Magnitude Diagram, Magellanic Clouds, Point Spread
Functions, Television Cameras},
year = 1987,
month = mar,
volume = 99,
pages = {191-222},
doi = {10.1086/131977},
adsurl = {http://adsabs.harvard.edu/abs/1987PASP...99..191S},
adsnote = {Provided by the SAO/NASA Astrophysics Data System}
}\\

@ARTICLE{2018A&A...618A..93C,
author = {{Cantat-Gaudin}, T. and {Jordi}, C. and {Vallenari}, A. and
{Bragaglia}, A. and {Balaguer-N{\'u}{\~n}ez}, L. and {Soubiran}, C. and
{Bossini}, D. and {Moitinho}, A. and {Castro-Ginard}, A. and
{Krone-Martins}, A. and {Casamiquela}, L. and {Sordo}, R. and
{Carrera}, R.},
title = "{A Gaia DR2 view of the open cluster population in the Milky Way}",
journal = {A\&A},
archivePrefix = "arXiv",
eprint = {1805.08726},
keywords = {stars: distances, Galaxy: disk, Galaxy: structure, open clusters and
associations: general},
year = 2018,
month = oct,
volume = 618,
eid = {A93},
pages = {A93},
doi = {10.1051/0004-6361/201833476},
adsurl = {http://adsabs.harvard.edu/abs/2018A%26A...618A..93C},
adsnote = {Provided by the SAO/NASA Astrophysics Data System}
}\\

@ARTICLE{Kharchenko_2005,
author = {{Kharchenko}, N.~V. and {Piskunov}, A.~E. and {R{\"o}ser}, S. and
{Schilbach}, E. and {Scholz}, R.-D.},
title = "{Astrophysical parameters of Galactic open clusters}",
journal = {A\&A},
eprint = {astro-ph/0501674},
keywords = {techniques: photometric, catalogs, astrometry, stars: kinematics,
open clusters and associations: general, Galaxy: stellar content},
year = 2005,
month = aug,
volume = 438,
pages = {1163-1173},
doi = {10.1051/0004-6361:20042523},
adsurl = {http://adsabs.harvard.edu/abs/2005A%26A...438.1163K},
adsnote = {Provided by the SAO/NASA Astrophysics Data System}
}\\

@INPROCEEDINGS{Stetson_1990,
author = {{Stetson}, P.~B. and {Davis}, L.~E. and {Crabtree}, D.~R.},
title = "{Future development of the DAOPHOT crowded-field photometry
package}",
keywords = {Astronomical Photometry, Computer Programs, Image Processing,
Software Engineering, Algorithms, Point Spread Functions, Software Tools},
booktitle = {CCDs in astronomy},
year = 1990,
series = {Astronomical Society of the Pacific Conference Series},
volume = 8,
editor = {{Jacoby}, G.~H.},
pages = {289-304},
adsurl = {http://adsabs.harvard.edu/abs/1990ASPC....8..289S},
adsnote = {Provided by the SAO/NASA Astrophysics Data System}
}\\

@ARTICLE{1992AJ....104..340L,
author = {{Landolt}, A.~U.},
title = "{UBVRI photometric standard stars in the magnitude range 11.5-16.0
around the celestial equator}",
journal = {AJ},
keywords = {Equators, Stellar Color, Stellar Magnitude, Stellar
Spectrophotometry, Ubv Spectra, Astronomical Catalogs, Color-Color Diagram,
Color-Magnitude Diagram, Photographic Plates},
year = 1992,
month = jul,
volume = 104,
pages = {340-371},
doi = {10.1086/116242},
adsurl = {http://adsabs.harvard.edu/abs/1992AJ....104..340L},
adsnote = {Provided by the SAO/NASA Astrophysics Data System}
48
}\\

@ARTICLE{2006AJ....131.1163S,
author = {{Skrutskie}, M.~F. and {Cutri}, R.~M. and {Stiening}, R. and
{Weinberg}, M.~D. and {Schneider}, S. and {Carpenter}, J.~M. and
{Beichman}, C. and {Capps}, R. and {Chester}, T. and {Elias}, J. and
{Huchra}, J. and {Liebert}, J. and {Lonsdale}, C. and {Monet}, D.~G. and
{Price}, S. and {Seitzer}, P. and {Jarrett}, T. and {Kirkpatrick}, J.~D.
and
{Gizis}, J.~E. and {Howard}, E. and {Evans}, T. and {Fowler}, J. and
{Fullmer}, L. and {Hurt}, R. and {Light}, R. and {Kopan}, E.~L. and
{Marsh}, K.~A. and {McCallon}, H.~L. and {Tam}, R. and {Van Dyk}, S. and
{Wheelock}, S.},
title = "{The Two Micron All Sky Survey (2MASS)}",
journal = {AJ},
keywords = {Catalogs, Infrared: General, Surveys},
year = 2006,
month = feb,
volume = 131,
pages = {1163-1183},
doi = {10.1086/498708},
adsurl = {http://adsabs.harvard.edu/abs/2006AJ....131.1163S},
adsnote = {Provided by the SAO/NASA Astrophysics Data System}
}\\

@ARTICLE{Avedisova_2002,
author = {{Avedisova}, V.~S.},
title = "{A Catalog of Star-Forming Regions in the Galaxy}",
journal = {Astronomy Reports},
year = 2002,
month = mar,
volume = 46,
pages = {193-205},
doi = {10.1134/1.1463097},
adsurl = {http://adsabs.harvard.edu/abs/2002ARep...46..193A},
adsnote = {Provided by the SAO/NASA Astrophysics Data System}
}\\

@ARTICLE{Lindegren_2018,
author = {{Lindegren}, L. and {Hern{\'a}ndez}, J. and {Bombrun}, A. and
{Klioner}, S. and {Bastian}, U. and {Ramos-Lerate}, M. and {de Torres},
A. and
{Steidelm{\"u}ller}, H. and {Stephenson}, C. and {Hobbs}, D. and
{Lammers}, U. and {Biermann}, M. and {Geyer}, R. and {Hilger}, T. and
{Michalik}, D. and {Stampa}, U. and {McMillan}, P.~J. and {Casta{\
~n}eda}, J. and
{Clotet}, M. and {Comoretto}, G. and {Davidson}, M. and {Fabricius}, C.
and
{Gracia}, G. and {Hambly}, N.~C. and {Hutton}, A. and {Mora}, A. and
{Portell}, J. and {van Leeuwen}, F. and {Abbas}, U. and {Abreu}, A. and
{Altmann}, M. and {Andrei}, A. and {Anglada}, E. and {Balaguer-N{\'u}{\
~n}ez}, L. and
{Barache}, C. and {Becciani}, U. and {Bertone}, S. and {Bianchi}, L. and
{Bouquillon}, S. and {Bourda}, G. and {Br{\"u}semeister}, T. and
{Bucciarelli}, B. and {Busonero}, D. and {Buzzi}, R. and {Cancelliere},
R. and
{Carlucci}, T. and {Charlot}, P. and {Cheek}, N. and {Crosta}, M. and
{Crowley}, C. and {de Bruijne}, J. and {de Felice}, F. and {Drimmel}, R.
and
{Esquej}, P. and {Fienga}, A. and {Fraile}, E. and {Gai}, M. and
49
{Garralda}, N. and {Gonz{\'a}lez-Vidal}, J.~J. and {Guerra}, R. and
{Hauser}, M. and {Hofmann}, W. and {Holl}, B. and {Jordan}, S. and
{Lattanzi}, M.~G. and {Lenhardt}, H. and {Liao}, S. and {Licata}, E. and
{Lister}, T. and {L{\"o}ffler}, W. and {Marchant}, J. and {Martin-
Fleitas}, J.-M. and
{Messineo}, R. and {Mignard}, F. and {Morbidelli}, R. and {Poggio}, E.
and
{Riva}, A. and {Rowell}, N. and {Salguero}, E. and {Sarasso}, M. and
{Sciacca}, E. and {Siddiqui}, H. and {Smart}, R.~L. and {Spagna}, A. and
{Steele}, I. and {Taris}, F. and {Torra}, J. and {van Elteren}, A. and
{van Reeven}, W. and {Vecchiato}, A.},
title = "{Gaia Data Release 2. The astrometric solution}",
journal = {A\&A},
archivePrefix = "arXiv",
eprint = {1804.09366},
primaryClass = "astro-ph.IM",
keywords = {astrometry, parallaxes, proper motions, methods: data analysis,
space vehicles: instruments, reference systems},
year = 2018,
month = aug,
volume = 616,
eid = {A2},
pages = {A2},
doi = {10.1051/0004-6361/201832727},
adsurl = {http://adsabs.harvard.edu/abs/2018A%26A...616A...2L},
adsnote = {Provided by the SAO/NASA Astrophysics Data System}
}

@ARTICLE{2008MNRAS.385.1597C,
       author = {{Carraro}, Giovanni and {Moitinho}, Andr{\'e} and
         {V{\'a}zquez}, Ruben A.},
        title = "{Stellar populations in the Canis Major overdensity}",
      journal = {\mnras},
     keywords = {Galaxy: evolution, Galaxy: stellar content, Galaxy: structure, Astrophysics},
         year = "2008",
        month = "Apr",
       volume = {385},
        pages = {1597-1604},
          doi = {10.1111/j.1365-2966.2008.12953.x},
archivePrefix = {arXiv},
       eprint = {0801.2084},
 primaryClass = {astro-ph},
       adsurl = {https://ui.adsabs.harvard.edu/\#abs/2008MNRAS.385.1597C},
      adsnote = {Provided by the SAO/NASA Astrophysics Data System}
}
@ARTICLE{2009yCat..35120063M,
       author = {{Magrini}, L. and {Stanghellini}, L. and {Corbelli}, E. and {Galli}, D. and
         {Villaver}, E.},
        title = "{VizieR Online Data Catalog: Abundances of M33 HII regions (Magrini+, 2010)}",
      journal = {VizieR Online Data Catalog},
     keywords = {Galaxies: nearby, H II regions, Abundances},
         year = "2009",
        month = "Nov",
          eid = {J/A+A/512/A63},
        pages = {J/A+A/512/A63},
       adsurl = {https://ui.adsabs.harvard.edu/\#abs/2009yCat..35120063M},
      adsnote = {Provided by the SAO/NASA Astrophysics Data System}
}

@ARTICLE{Schlafly_2011,
   author = {{Schlafly}, E.~F. and {Finkbeiner}, D.~P.},
    title = "{Measuring Reddening with Sloan Digital Sky Survey Stellar Spectra and Recalibrating SFD}",
  journal = {ApJ},
archivePrefix = "arXiv",
   eprint = {1012.4804},
 primaryClass = "astro-ph.GA",
 keywords = {dust, extinction, Galaxy: stellar content, ISM: clouds},
     year = 2011,
    month = aug,
   volume = 737,
      eid = {103},
    pages = {103},
      doi = {10.1088/0004-637X/737/2/103},
   adsurl = {http://adsabs.harvard.edu/abs/2011ApJ...737..103S},
  adsnote = {Provided by the SAO/NASA Astrophysics Data System}
}

@PROCEEDINGS{Aller1982,
  title = {{Landolt-B{\"o}rnstein: Numerical Data and Functional Relationships
  in Science and Technology - New Series '' Gruppe/Group 6 Astronomy
  and Astrophysics '' Volume 2 Schaifers/Voigt: Astronomy and Astrophysics
  / Astronomie und Astrophysik '' Stars and Star Clusters / Sterne
  und Sternhaufen}},
  year = {1982},
  editor = {{Aller}, L.~H. and {Appenzeller}, I. and {Baschek}, B. and {Duerbeck},
  H.~W. and {Herczeg}, T. and {Lamla}, E. and {Meyer-Hofmeister}, E.
  and {Schmidt-Kaler}, T. and {Scholz}, M. and {Seggewiss}, W. and
  {Seitter}, W.~C. and {Weidemann}, V.},
  adsnote = {Provided by the SAO/NASA Astrophysics Data System},
  adsurl = {http://adsabs.harvard.edu/abs/1982lbg6.conf.....A},
  booktitle = {Landolt-Bornstein: Group 6: Astronomy},
  keywords = {STERN, STERNHAUFEN}
}

@ARTICLE{Vazquez2008,
  author = {{V{\'a}zquez}, R.~A. and {May}, J. and {Carraro}, G. and {Bronfman},
  L. and {Moitinho}, A. and {Baume}, G.},
  title = {{Spiral Structure in the Outer Galactic Disk. I. The Third Galactic
  Quadrant}},
  journal = {ApJ},
  year = {2008},
  volume = {672},
  pages = {930-939},
  month = jan,
  adsnote = {Provided by the SAO/NASA Astrophysics Data System},
  adsurl = {http://adsabs.harvard.edu/abs/2008ApJ...672..930V},
  archiveprefix = {arXiv},
  doi = {10.1086/524003},
  eprint = {0709.3973},
  keywords = {Galaxy: Disk, Galaxy: Structure, Galaxy: Open Clusters and Associations:
  General}
}

@ARTICLE{Xu_2019,
       author = {{Xu}, Shuangjing and {Zhang}, Bo and {Reid}, Mark J. and
         {Zheng}, Xingwu and {Wang}, Guangli},
        title = "{Comparison of Gaia DR2 Parallaxes of Stars with VLBI Astrometry}",
      journal = {arXiv e-prints},
     keywords = {Astrophysics - Solar and Stellar Astrophysics, Astrophysics - Astrophysics of Galaxies, Astrophysics - Instrumentation and Methods for Astrophysics},
         year = "2019",
        month = "Mar",
          eid = {arXiv:1903.04105},
        pages = {arXiv:1903.04105},
archivePrefix = {arXiv},
       eprint = {1903.04105},
 primaryClass = {astro-ph.SR},
       adsurl = {https://ui.adsabs.harvard.edu/\#abs/2019arXiv190304105X},
      adsnote = {Provided by the SAO/NASA Astrophysics Data System}
}


@ARTICLE{Cersosimo_2009,
   author = {{Cersosimo}, J.~C. and {Mader}, S. and {Figueroa}, N.~S. and 
{V{\'e}lez}, S.~F. and {Soto}, C.~L. and {Azc{\'a}rate}, D.},
    title = "{Warped Ionized Hydrogen in the Galaxy}",
  journal = {\apj},
 keywords = {Galaxy: disk, Galaxy: structure, ISM: clouds, ISM: structure},
     year = 2009,
    month = jul,
   volume = 699,
    pages = {469-477},
      doi = {10.1088/0004-637X/699/1/469},
   adsurl = {http://cdsads.u-strasbg.fr/abs/2009ApJ...699..469C},
  adsnote = {Provided by the SAO/NASA Astrophysics Data System}
}

@INPROCEEDINGS{Moitinho_2010,
   author = {{Moitinho}, A.},
    title = "{Observational properties of the open cluster system of the Milky Way and what they tell us about our Galaxy}",
 keywords = {catalogs, ISM: extinction, Galaxy: evolution, Galaxy: disk, open clusters and associations: general},
booktitle = {Star Clusters: Basic Galactic Building Blocks Throughout Time and Space},
     year = 2010,
   series = {IAU Symposium},
   volume = 266,
archivePrefix = "arXiv",
   eprint = {0911.1459},
   editor = {{de Grijs}, R. and {L{\'e}pine}, J.~R.~D.},
    month = jan,
    pages = {106-116},
      doi = {10.1017/S1743921309990949},
   adsurl = {https://ui.adsabs.harvard.edu/abs/2010IAUS..266..106M},
  adsnote = {Provided by the SAO/NASA Astrophysics Data System}
}

@ARTICLE{Moitinho_2006,
   author = {{Moitinho}, A. and {V{\'a}zquez}, R.~A. and {Carraro}, G. and 
  {Baume}, G. and {Giorgi}, E.~E. and {Lyra}, W.},
    title = "{Spiral structure of the third galactic quadrant and the solution to the Canis Major debate}",
  journal = {\mnras},
   eprint = {astro-ph/0602493},
 keywords = {open clusters and associations: general, Galaxy: stellar content, Galaxy: structure, galaxies: dwarf},
     year = 2006,
    month = may,
   volume = 368,
    pages = {L77-L81},
      doi = {10.1111/j.1745-3933.2006.00163.x},
   adsurl = {https://ui.adsabs.harvard.edu/abs/2006MNRAS.368L..77M},
  adsnote = {Provided by the SAO/NASA Astrophysics Data System}
}

@ARTICLE{Bossini_2019,
   author = {{Bossini}, D. and {Vallenari}, A. and {Bragaglia}, A. and {Cantat-Gaudin}, T. and 
  {Sordo}, R. and {Balaguer-N{\'u}{\~n}ez}, L. and {Jordi}, C. and 
  {Moitinho}, A. and {Soubiran}, C. and {Casamiquela}, L. and 
  {Carrera}, R. and {Heiter}, U.},
    title = "{Age determination for 269 Gaia DR2 open clusters}",
  journal = {\aap},
archivePrefix = "arXiv",
   eprint = {1901.04733},
 primaryClass = "astro-ph.SR",
 keywords = {methods: statistical, open clusters and associations: general, Galaxy: stellar content, catalogs},
     year = 2019,
    month = mar,
   volume = 623,
      eid = {A108},
    pages = {A108},
      doi = {10.1051/0004-6361/201834693},
   adsurl = {https://ui.adsabs.harvard.edu/abs/2019A%26A...623A.108B},
  adsnote = {Provided by the SAO/NASA Astrophysics Data System}
}

@ARTICLE{Soubiran_2018,
   author = {{Soubiran}, C. and {Cantat-Gaudin}, T. and {Romero-G{\'o}mez}, M. and 
  {Casamiquela}, L. and {Jordi}, C. and {Vallenari}, A. and {Antoja}, T. and 
  {Balaguer-N{\'u}{\~n}ez}, L. and {Bossini}, D. and {Bragaglia}, A. and 
  {Carrera}, R. and {Castro-Ginard}, A. and {Figueras}, F. and 
  {Heiter}, U. and {Katz}, D. and {Krone-Martins}, A. and {Le Campion}, J.-F. and 
  {Moitinho}, A. and {Sordo}, R.},
    title = "{Open cluster kinematics with Gaia DR2}",
  journal = {\aap},
archivePrefix = "arXiv",
   eprint = {1808.01613},
 primaryClass = "astro-ph.SR",
 keywords = {stars: kinematics and dynamics, Galaxy: kinematics and dynamics, open clusters and associations: general},
     year = 2018,
    month = nov,
   volume = 619,
      eid = {A155},
    pages = {A155},
      doi = {10.1051/0004-6361/201834020},
   adsurl = {https://ui.adsabs.harvard.edu/abs/2018A%26A...619A.155S},
  adsnote = {Provided by the SAO/NASA Astrophysics Data System}
}

@ARTICLE{Bressan_2012,
   author = {{Bressan}, A. and {Marigo}, P. and {Girardi}, L. and {Salasnich}, B. and 
  {Dal Cero}, C. and {Rubele}, S. and {Nanni}, A.},
    title = "{PARSEC: stellar tracks and isochrones with the PAdova and TRieste Stellar Evolution Code}",
  journal = {\mnras},
archivePrefix = "arXiv",
   eprint = {1208.4498},
 primaryClass = "astro-ph.SR",
 keywords = {stars: evolution, Hertzsprung{\dash}Russell and colour magnitude diagrams, stars: interiors, stars: low-mass},
     year = 2012,
    month = nov,
   volume = 427,
    pages = {127-145},
      doi = {10.1111/j.1365-2966.2012.21948.x},
   adsurl = {https://ui.adsabs.harvard.edu/abs/2012MNRAS.427..127B},
  adsnote = {Provided by the SAO/NASA Astrophysics Data System}
}

@article{Dolphin_2002,
  doi = {10.1046/j.1365-8711.2002.05271.x},
  url = {http://dx.doi.org/10.1046/j.1365-8711.2002.05271.x},
  year = {2002},
  month = {may},
  publisher = {Oxford University Press ({OUP})},
  volume = {332},
  number = {1},
  pages = {91--108},
  author = {A. E. Dolphin},
  title = {{Numerical methods of star formation history measurement and applications to seven dwarf spheroidals}},
  journal = {Monthly Notices of the Royal Astronomical Society},
}

@article{Charbonneau_1995,
  title = {{Genetic Algorithms in Astronomy and Astrophysics}},
  volume = {101},
  url = {http://dx.doi.org/10.1086/192242},
  doi = {10.1086/192242},
  journal = {The Astrophysical Journal Supplement Series},
  publisher = {IOP Publishing},
  author = {Charbonneau, P.},
  year = {1995},
  month = {Nov},
  pages = {309},
}

@article{efron1986,
author = "Efron, B. and Tibshirani, R.",
doi = "10.1214/ss/1177013815",
fjournal = "Statistical Science",
journal = "Statist. Sci.",
month = "02",
number = "1",
pages = "54--75",
publisher = "The Institute of Mathematical Statistics",
title = "Bootstrap Methods for Standard Errors, Confidence Intervals, and Other Measures of Statistical Accuracy",
url = "https://doi.org/10.1214/ss/1177013815",
volume = "1",
year = "1986"
}

@ARTICLE{Schlafly2011,
   author = {{Schlafly}, E.~F. and {Finkbeiner}, D.~P.},
    title = "{Measuring Reddening with Sloan Digital Sky Survey Stellar Spectra and Recalibrating SFD}",
  journal = {\apj},
archivePrefix = "arXiv",
   eprint = {1012.4804},
 primaryClass = "astro-ph.GA",
 keywords = {dust, extinction, Galaxy: stellar content, ISM: clouds},
     year = 2011,
    month = aug,
   volume = 737,
      eid = {103},
    pages = {103},
      doi = {10.1088/0004-637X/737/2/103},
   adsurl = {https://ui.adsabs.harvard.edu/abs/2011ApJ...737..103S},
  adsnote = {Provided by the SAO/NASA Astrophysics Data System}
}

@ARTICLE{Schonrich2019,
   author = {{Sch{\"o}nrich}, R. and {McMillan}, P. and {Eyer}, L.},
    title = "{Distances and parallax bias in Gaia DR2}",
  journal = {\mnras},
archivePrefix = "arXiv",
   eprint = {1902.02355},
 keywords = {astrometry, parallaxes, stars: distances, kinematics and dynamics, Galaxy: kinematics and dynamics, solar neighbourhood},
     year = 2019,
    month = aug,
   volume = 487,
    pages = {3568-3580},
      doi = {10.1093/mnras/stz1451},
   adsurl = {https://ui.adsabs.harvard.edu/abs/2019MNRAS.487.3568S},
  adsnote = {Provided by the SAO/NASA Astrophysics Data System}
}

@ARTICLE{Tadross_2011,
   author = {{Tadross}, A.~L.},
    title = "{A Catalog of 120 NGC Open Star Clusters}",
  journal = {Journal of Korean Astronomical Society},
archivePrefix = "arXiv",
   eprint = {1108.2134},
 keywords = {Galaxy: open clusters and associations, individual: NGC, astrometry, Stars, astronomical databases: catalogs},
     year = 2011,
    month = feb,
   volume = 44,
    pages = {1-11},
      doi = {10.5303/JKAS.2011.44.1.001},
   adsurl = {https://ui.adsabs.harvard.edu/abs/2011JKAS...44....1T},
  adsnote = {Provided by the SAO/NASA Astrophysics Data System}
}
